@article{reinforce,
    author = "Ivo Grondman and Lucian Busoniu and Gabriel Lopes and Robert Babuska",
    title = "A survey of actor-critic
reinforcement learning: standard and natural policy gradients",
    journal = "IEEE Transactions on Systems, Man, and Cybernetics",
    volume = "Part C: Applications and Reviews",
    pages = "1291-1307",
    year = "2012",
    DOI = "https://hal.science/hal-00756747"}



@book{bartosutton,
    title = {Reinforcement Learning, second edition: An Introduction (Adaptive Computation and Machine Learning series)},
    author = {Richard S. Sutton and Andrew G. Barto},
    isbn = {9780262039246},
    year = {2018},
    publisher = {Bradford Books}
}